<?xml version="1.0" encoding="UTF-8"?><collection xmlns="http://www.loc.gov/MARC21/slim"><record><leader>00352nam--2200133-i-4500</leader><controlfield tag="001">000007239</controlfield><controlfield tag="002">20161230</controlfield><controlfield tag="005">20161230201027</controlfield><controlfield tag="008">060222s1000------------r-----000-0-eng-d</controlfield><datafield ind1=" " ind2=" " tag="100"><subfield code="a">Bjorken, James D</subfield></datafield><datafield ind1=" " ind2=" " tag="245"><subfield code="a">Relativistic quantum fields</subfield></datafield><datafield ind1=" " ind2=" " tag="490"><subfield code="a">International Series In Pure And Applied Physi Cs</subfield></datafield><datafield ind1=" " ind2=" " tag="852"><subfield code="a">15538</subfield></datafield><datafield ind1=" " ind2=" " tag="CAT"><subfield code="a">Sys</subfield><subfield code="c">20090624</subfield><subfield code="h">121654</subfield></datafield></record></collection>